@Mics{Lalin,
	author		    = {Lal√≠n, Matilde M.},
	title			= {{Every Positive Integer is the Sum of Four Squares! (and other exciting problems)}},
	year			= {2002},
	note			= {[ogled 16.\ 4.\ 2020], dostopno na \url{https://dms.umontreal.ca/~mlalin/Lagrange.pdf}},
}

@Article{Arslan,
  author    = {Arslan, Abdullah N.},
  title     = {{A variant of Waring's problem}},
  journal   = {Notes on Number Theory and Discrete Mathematics},
  year      = {2015},
  volume    = {21},
  number    = {3},
  pages     = {22--26},
  publisher = {Wiley},
  url       = {http://nntdm.net/papers/nntdm-21/NNTDM-21-3-22-26.pdf}
}

@Misc{LagrangeW,
  title = {{Joseph-Louis Lagrange}},
  key   = {Lagrange},
  note  = {[ogled 1.\ 5.\ 2020], dostopno na \url{https://en.wikipedia.org/wiki/Joseph-Louis_Lagrange}},
}

@Misc{DiofantW,
  title = {{Diophantus}},
  key   = {Diophantus},
  note  = {[ogled 1.\ 5.\ 2020], dostopno na \url{https://en.wikipedia.org/wiki/Diophantus}},
}

@Misc{Jacobi,
  title = {{Jacobi's four-square theorem}},
  key   = {Jacobi},
  note  = {[ogled 1.\ 5.\ 2020], dostopno na \url{https://en.wikipedia.org/wiki/Jacobi%27s_four-square_theorem}},
}

@Mics{Bhaskar,
	author		    = {Bhaskar, Jahnavi},
	title			= {Sum of two squares},
	year			= {2008},
	note			= {[ogled 18.\ 4.\ 2020], dostopno na \url{https://www.math.uchicago.edu/~may/VIGRE/VIGRE2008/REUPapers/Bhaskar.pdf}},
}

@MastersThesis{Suomalainen,
  author = {Soumalainen, Janne},
  title  = {Waring's problem},
  school = {Faculty of Science, Department of Mathematics and Statistics, University of Helsinki},
  year   = {2016},
  note  = {[ogled 7.\ 5.\ 2020], dostopno na \url{https://helda.helsinki.fi/bitstream/handle/10138/166733/gradu.pdf?sequence=3}}
}
